@book{norell_agda_invented_2007,
author={Norell, Ulf},
title={Towards a practical programming language based on dependent type theory},
publisher={Chalmers University of Technology},
address={G{\"o}teborg},
year={2007},
ISBN={978-91-7291-996-9},
note={Diss. G{\"o}teborg : Chalmers tekniska h{\"o}gskola, 2007},
}

@book{martin-lf_intuitionistic_1984,
author={Martin-L{\"o}f, Per},
title={Intuitionistic type theory : notes by Giovanni Sambin of a series of lectures given in Padua, June 1980},
publisher={Bibliopolis},
address={Napoli},
year={1984},
ISBN={88-7088-105-9},
}


@article{chlipala_effective_2009,
 author = {Chlipala, Adam and Malecha, Gregory and Morrisett, Greg and Shinnar, Avraham and Wisnesky, Ryan},
 title = {Effective interactive proofs for higher-order imperative programs},
 journal = {SIGPLAN Not.},
 issue_date = {September 2009},
 volume = {44},
 number = {9},
 month = aug,
 year = {2009},
 issn = {0362-1340},
 pages = {79--90},
 numpages = {12},
 doi = {10.1145/1631687.1596565},
 acmid = {1596565},
 publisher = {ACM},
 address = {New York, NY, USA},
 keywords = {dependent types, functional programming, interactive proof assistants, separation logic},
}

@article{leroy_formal_2009,
 author = {Leroy, Xavier},
 title = {Formal verification of a realistic compiler},
 journal = {Commun. ACM},
 issue_date = {July 2009},
 volume = {52},
 number = {7},
 month = jul,
 year = {2009},
 issn = {0001-0782},
 pages = {107--115},
 numpages = {9},
 doi = {10.1145/1538788.1538814},
 acmid = {1538814},
 publisher = {ACM},
 address = {New York, NY, USA},
}

@incollection {smith_derivation_1993,
   author = {Smith, Douglas},
   affiliation = {Kestrel Institute 3260 Hillview Avenue Palo Alto California 94304 USA},
   title = {Derivation of Parallel Sorting Algorithms},
   booktitle = {Parallel Algorithm Derivation and Program Transformation},
   series = {The Kluwer International Series in Engineering and Computer Science},
   editor = {Paige, Robert and Reif, John and Watcher, Raplh},
   publisher = {Springer US},
   isbn = {978-0-585-27330-3},
   keyword = {Computer Science},
   pages = {55-69},
   volume = {231},
   doi = {10.1007/978-0-585-27330-3\_2},
   year = {1993}
}
@inproceedings{emoto_generate_2012,
 author = {Emoto, Kento and Fischer, Sebastian and Hu, Zhenjiang},
 title = {Generate, test, and aggregate: a calculation-based framework for systematic parallel programming with mapreduce},
 booktitle = {Proceedings of the 21st European conference on Programming Languages and Systems},
 series = {ESOP'12},
 year = {2012},
 isbn = {978-3-642-28868-5},
 location = {Tallinn, Estonia},
 pages = {254--273},
 numpages = {20},
 doi = {10.1007/978-3-642-28869-2\_13},
 acmid = {2259261},
 publisher = {Springer-Verlag},
 address = {Berlin, Heidelberg},
} 



@book{AoP,
author={Bird, Richard and Moor, Oege de},
title={Algebra of programming},
publisher={Prentice Hall},
address={London},
year={1997},
ISBN={0-13-507245-X},
}

@book{Awodey,
author={Awodey, Steve},
title={Category theory},
publisher={Oxford University Press},
address={Oxford},
year={2010},
edition={2nd ed.},
ISBN={978-0-19-958736-0 (hbk.)},
}

@book{MacLane,
author={Mac Lane, Saunders},
title={Categories for the working mathematician},
publisher={Springer},
address={New York},
year={1998},
edition={2. ed.},
ISBN={0-387-98403-8 (hardcover : alk. paper) ;},
}



@article{AoPA,
author = {Mu,Shin-Cheng and Ko,Hsiang-Shang and Jansson,Patrik},
title = {Algebra of programming in Agda: Dependent types for relational program derivation},
journal = {Journal of Functional Programming},
volume = {19},
number = {05},
pages = {545-579},
year = {2009},
doi = {10.1017/S0956796809007345},
eprint = {http://journals.cambridge.org/article_S0956796809007345},
}

@inproceedings{gadt_semantics_2011,
 author = {Hamana, Makoto and Fiore, Marcelo},
 title = {A foundation for GADTs and inductive families: dependent polynomial functor approach},
 booktitle = {Proceedings of the seventh ACM SIGPLAN workshop on Generic programming},
 series = {WGP '11},
 year = {2011},
 isbn = {978-1-4503-0861-8},
 location = {Tokyo, Japan},
 pages = {59--70},
 numpages = {12},
 url = {http://doi.acm.org/10.1145/2036918.2036927},
 doi = {10.1145/2036918.2036927},
 acmid = {2036927},
 publisher = {ACM},
 address = {New York, NY, USA},
 keywords = {categorical semantics, dependent types},
} 

@incollection {gambino_hyland_2004,
    AUTHOR = {Gambino, Nicola and Hyland, Martin},
     TITLE = {Wellfounded trees and dependent polynomial functors},
 BOOKTITLE = {Types for proofs and programs},
    SERIES = {Lecture Notes in Comput. Sci.},
    VOLUME = {3085},
     PAGES = {210--225},
 PUBLISHER = {Springer},
   ADDRESS = {Berlin},
      YEAR = {2004},
   MRCLASS = {03B15 (03B40 18A15 18D15)},
  MRNUMBER = {2151336},
       DOI = {10.1007/978-3-540-24849-1_14},
       URL = {http://dx.doi.org/10.1007/978-3-540-24849-1_14},
}