@article{Valiant,
author = {Valiant, Leslie G.},
title = {General context-free recognition in less than cubic time},
journal = {J. Comput. Syst. Sci.},
issue_date = {April, 1975},
volume = {10},
number = {2},
month = apr,
year = {1975},
issn = {0022-0000},
pages = {308--314},
numpages = {7},
doi = {10.1016/S0022-0000(75)80046-8},
acmid = {1740048},
publisher = {Academic Press, Inc.},
address = {Orlando, FL, USA},
} 

@unpublished{JP-PP,
author = {Bernardy, Jean-Philippe and Claessen, Koen},
title = {Efficient Parallel and Incremental Parsing of Practical Context-Free Languages},
month = mar,
year = {2013},
numpages = {12},
note = {\url{http://publications.lib.chalmers.se/publication/175113}}
}
%journal = {Pre-print},

@incollection{DepTypAtWork,
 author = {Bove, Ana and Dybjer, Peter},
 title = {Dependent Types at Work},
 booktitle = {Language Engineering and Rigorous Software Development},
 editor = {Bove, Ana and Barbosa, Lu\'{\i}s Soares and Pardo, Alberto and Pinto, Jorge Sousa},
 year = {2009},
 isbn = {978-3-642-03152-6},
 pages = {57--99},
 numpages = {43},
 doi = {10.1007/978-3-642-03153-3_2},
 acmid = {1614480},
 publisher = {Springer-Verlag},
 address = {Berlin, Heidelberg},
} 

@misc{AgdaRefManTot,
author = {The {Agda team}},
title = {The {A}gda Reference Manual: Totality},
howpublished = {\url{http://wiki.portal.chalmers.se/agda/pmwiki.php?n=ReferenceManual.Totality}},
month = dec,
year = {2011},
note = {Accessed: 2013--05--30},
}

@misc{AgdaStaLib,
author = {The {Agda team}},
title = {The {A}gda standard library, version 0.7},
howpublished = {\url{http://wiki.portal.chalmers.se/agda/pmwiki.php?n=Libraries.StandardLibrary}},
month = jan,
year = {2013},
note = {Accessed: 2013--05--30},
}

@book{NorellAgda,
author={Norell, Ulf},
title={Towards a practical programming language based on dependent type theory},
publisher={Chalmers University of Technology},
address={G{\"o}teborg},
year={2007},
ISBN={978-91-7291-996-9},
note={Diss. G{\"o}teborg : Chalmers tekniska h{\"o}gskola, 2007},
}

@book{Martin-Lof,
author={Martin-L{\"o}f, Per},
title={Intuitionistic type theory : notes by Giovanni Sambin of a series of lectures given in Padua, June 1980},
publisher={Bibliopolis},
address={Napoli},
year={1984},
ISBN={88-7088-105-9},
}
@article{Turing,
  author = {Turing, Alan M.},
  journal = {Proceedings of the London Mathematical Society},
  keywords = {logic},
  pages = {230--265},
  series = 2,
  title = {On Computable Numbers, with an application to the
Entscheidungsproblem},
  volume = 42,
  year = 1936
}

@article{Lange-Leiss,
 author = {Lange, Martin and Lei\ss, Hans},
 title = {To {CNF} or not to {CNF}? {A}n Efficient Yet Presentable Version of the {CYK} Algorithm},
 journal = {Informatica Didactica},
 issue_date = {2008--2010},
 number = {8},
 year = {2009},
 issn = {1615-1771},
}

@article{Chomsky,
 author = {Chomsky, Noam},
 title = {On certain formal properties of grammars},
 journal = {Information and Control},
 issue_date = {September 2009},
 volume = {2},
 number = {2},
 year = {1959},
 issn = {0019-9958},
 pages = {137--167},
 doi = {10.1016/S0019-9958(59)90362-6},
}

@book{AoP,
author={Bird, Richard and Moor, Oege de},
title={Algebra of programming},
publisher={Prentice Hall},
address={London},
year={1997},
ISBN={0-13-507245-X},
}

@article{AoPA,
author = {Mu,Shin-Cheng and Ko,Hsiang-Shang and Jansson,Patrik},
title = {Algebra of programming in {A}gda: Dependent types for relational program derivation},
journal = {Journal of Functional Programming},
volume = {19},
number = {05},
pages = {545-579},
year = {2009},
doi = {10.1017/S0956796809007345},
eprint = {http://journals.cambridge.org/article_S0956796809007345},
}
